<?xml version="1.0" encoding="UTF-8"?><collection xmlns="http://www.loc.gov/MARC21/slim"><record><leader>00692nam--2200193-i-4500</leader><controlfield tag="001">000011986</controlfield><controlfield tag="002">20161230</controlfield><controlfield tag="005">20161230201029</controlfield><controlfield tag="008">060222s1000------------r-----000-0-ger-d</controlfield><datafield ind1=" " ind2=" " tag="040"><subfield code="a">IFIN-HH</subfield></datafield><datafield ind1=" " ind2=" " tag="041"><subfield code="a">ger</subfield></datafield><datafield ind1=" " ind2=" " tag="080"><subfield code="a">537.226.4:621.319.1</subfield></datafield><datafield ind1="1" ind2=" " tag="100"><subfield code="a">Bauer, Adolf /S.A.</subfield></datafield><datafield ind1="1" ind2="0" tag="245"><subfield code="a">Technologie und anwendungen von ferroelektrika</subfield><subfield code="b">Keramische sonderwerkstoffe un elektronische bauelemente aus ferroelektrika</subfield><subfield code="c">Adolf bauer; hans-jurgen gesemann; gunter helke; wolfgang schreckenbach</subfield></datafield><datafield ind1=" " ind2=" " tag="260"><subfield code="a">Leipzig</subfield><subfield code="b">Akademische Verlagsgesellschaft Geest And Portig K.G</subfield><subfield code="c">1976</subfield></datafield><datafield ind1=" " ind2=" " tag="300"><subfield code="a">548 P</subfield></datafield><datafield ind1="1" ind2=" " tag="700"><subfield code="a">Schreckenbach, Wolfgang</subfield></datafield><datafield ind1=" " ind2=" " tag="852"><subfield code="a">44233</subfield><subfield code="c">537.226</subfield></datafield><datafield ind1=" " ind2=" " tag="CAT"><subfield code="a">Sys</subfield><subfield code="c">20110706</subfield><subfield code="h">153958</subfield></datafield></record></collection>